% This file was generated using pubtex 1.0.0

@article{Curley2005,
	author = {Curley, B F},
	title = {{You've Lived a Good Life}},
	journal = {Journal of clinical oncology},
	year = {2015},
	month = {Oct},
	doi = {10.1200/JCO.2015.63.3206},
}
@article{Leischker2007,
	author = {Leischker, A H and Kolb, G F},
	title = {{Diagnostic and treatment goals in elderly patients.}},
	journal = {Der Internist},
	year = {2007},
	month = {Nov},
	volume = {48},
	number = {11},
	pages = {1195--6, 1198-202, 1204-5},
	doi = {10.1007/s00108-007-1946-2},
	pmid = {17932635}
}
@article{Matthews1984,
	author = {Matthews, D A},
	title = {{Dr. Marjory Warren and the origin of British geriatrics.}},
	journal = {Journal of the American Geriatrics Society},
	year = {1984},
	month = {Apr},
	volume = {32},
	number = {4},
	pages = {253--8},
	pmid = {6368651}
}
@article{Williams1973,
	author = {Williams, T F and Hill, J G and Fairbank, M E and Knox, K G},
	title = {{Appropriate placement of the chronically ill and aged. A successful approach by evaluation.}},
	journal = {JAMA},
	year = {1973},
	month = {Dec},
	volume = {226},
	number = {11},
	pages = {1332--5},
	pmid = {4202389}
}
@article{Rubenstein1984,
	author = {Rubenstein, L Z and Josephson, K R and Wieland, G D and English, P A and Sayre, J A and Kane, R L},
	title = {{Effectiveness of a geriatric evaluation unit. A randomized clinical trial.}},
	journal = {The New England journal of medicine},
	year = {1984},
	month = {Dec},
	volume = {311},
	number = {26},
	pages = {1664--70},
	doi = {10.1056/NEJM198412273112604},
	pmid = {6390207}
}

@article{Extermann1998,
	author = {Extermann, M and Overcash, J and Lyman, G H and Parr, J and Balducci, L},
	title = {{Comorbidity and functional status are independent in older cancer patients.}},
	journal = {J. Clin. Oncol.},
	year = {1998},
	month = {Apr},
	volume = {16},
	number = {4},
	pages = {1582--7},
	pmid = {9552069}
}

@article{Chow2001,
	author = {Chow, E and Harth, T and Hruby, G and Finkelstein, J and Wu, J and Danjoux, C},
	title = {{How accurate are physicians clinical predictions of survival and the available prognostic tools in estimating survival times in terminally ill cancer patients? A systematic review.}},
	journal = {Clinical oncology (Royal College of Radiologists (Great Britain))},
	year = {2001},
	volume = {13},
	number = {3},
	pages = {209--18},
	pmid = {11527298}
}
@article{Alessi1997,
	author = {Alessi, C A and Stuck, A E and Aronow, H U and Yuhas, K E and Bula, C J and Madison, R and Gold, M and Segal-Gidan, F and Fanello, R and Rubenstein, L Z and Beck, J C},
	title = {{The process of care in preventive in-home comprehensive geriatric assessment.}},
	journal = {Journal of the American Geriatrics Society},
	year = {1997},
	month = {Sep},
	volume = {45},
	number = {9},
	pages = {1044--50},
	pmid = {9288009}
}
@article{Soubeyran2012,
	author = {Soubeyran, Pierre and Fonck, Marianne and Blanc-Bisson, Christ\`{e}le and Blanc, Jean-Fr\'{e}d\'{e}ric and Ceccaldi, Jo\"{e}l and Mertens, C\'{e}cile and Imbert, Yves and Cany, Laurent and Vogt, Luc and Dauba, Jer\^{o}me and Andriamampionona, Francis and Hou\'{e}d\'{e}, Nadine and Floquet, Anne and Chomy, Francois and Brouste, V\'{e}ronique and Ravaud, Alain and Bellera, Carine and Rainfray, Muriel},
	title = {{Predictors of early death risk in older patients treated with first-line chemotherapy for cancer.}},
	journal = {Journal of clinical oncology},
	year = {2012},
	month = {May},
	volume = {30},
	number = {15},
	pages = {1829--34},
	doi = {10.1200/JCO.2011.35.7442},
	pmid = {22508806}
}
@article{Maione2005,
	author = {Maione, Paolo and Perrone, Francesco and Gallo, Ciro and Manzione, Luigi and Piantedosi, FrancoVito and Barbera, Santi and Cigolari, Silvio and Rosetti, Francesco and Piazza, Elena and Robbiati, Sergio Federico and Bertetto, Oscar and Novello, Silvia and Migliorino, Maria Rita and Favaretto, Adolfo and Spatafora, Mario and Ferra\`{u}, Francesco and Frontini, Luciano and Bearz, Alessandra and Repetto, Lazzaro and Gridelli, Cesare and Barletta, Emiddio and Barzelloni, Maria Luisa and Iaffaioli, Rosario Vincenzo and De Maio, Ermelinda and Di Maio, Massimo and De Feo, Gianfranco and Sigoriello, Giuseppe and Chiodini, Paolo and Cioffi, Angela and Guardasole, Vincenzo and Angelini, Valentina and Rossi, Antonio and Bilancia, Domenico and Germano, Domenico and Lamberti, Alfredo and Pontillo, Vittorio and Brancaccio, Luigi and Renda, Francesco and Romano, Francesco and Esani, Gabriella and Gambaro, Anna and Vinante, Orazio and Azzarello, Giuseppe and Clerici, Maurizia and Bollina, Roberto and Belloni, Paolo and Sannicol\`{o}, Mirella and Ciuffreda, Libero and Parello, Giuseppe and Cabiddu, Mary and Sacco, Cosimo and Sibau, Angela and Porcile, Gianfranco and Castiglione, Federico and Ostellino, Oliviero and Monfardini, Silvio and Stefani, Micaela and Scagliotti, Giorgio and Selvaggi, Giovanni and De Marinis, Filippo and Martelli, Olga and Gasparini, Giampietro and Morabito, Alessandro and Gattuso, Domenico and Colucci, Giuseppe and Galetta, Domenico and Giotta, Francesco and Gebbia, Vittorio and Borsellino, Nicola and Testa, Antonio and Malaponte, Emilia and Capuano, Matteo A and Angiolillo, Michele and Sollitto, Francesco and Tirelli, Umberto and Spazzapan, Simona and Adamo, Vincenzo and Altavilla, Giuseppe and Scimone, Antonio and Hopps, Maria Raffaella and Tartamella, Francesco and Ianniello, Giovanni Pietro and Tinessa, Vincenza and Failla, Giuseppe and Bordonaro, Roberto and Gebbia, Nicola and Valerio, Maria Rosaria and D'Aprile, Modesto and Veltri, Enzo and Tonato, Maurizio and Darwish, Samir and Romito, Sante and Carrozza, Francesco and Barni, Sandro and Ardizzoia, Antonio and Corradini, Giuliana Mara and Pavia, Gianfranco and Belli, Mario and Colantuoni, Giuseppe and Galligioni, Enzo and Caffo, Orazio and Labianca, Roberto and Quadri, Antonello and Cortesi, Enrico and D'Auria, Giuliana and Fava, Sergio and Calcagno, Anna and Luporini, Gino and Locatelli, M Cristina and Di Costanzo, Francesco and Gasperoni, Silvia and Isa, Luciano and Candido, Paola and Gaion, Fernando and Palazzolo, Giovanni and Nettis, Giuseppe and Annamaria, Anselmo and Rinaldi, Massimo and Lopez, Massimo and Felletti, Raffaella and Di Negro, Giorgio Bernab\`{o} and Rossi, Nestore and Calandriello, Antonio and Maiorino, Luigi and Mattioli, Rodolfo and Celano, Alfredo and Schiavon, Stefania and Illiano, Alfonso and Raucci, Carlo Alberto and Caruso, Michele and Foa, Paolo and Tonini, Giuseppe and Curcio, Carlo and Cazzaniga, Marina},
	title = {{Pretreatment quality of life and functional status assessment significantly predict survival of elderly patients with advanced non-small-cell lung cancer receiving chemotherapy: a prognostic analysis of the multicenter Italian lung cancer in the elderly study.}},
	journal = {Journal of clinical oncology},
	year = {2005},
	month = {Oct},
	volume = {23},
	number = {28},
	pages = {6865--72},
	doi = {10.1200/JCO.2005.02.527},
	pmid = {16192578}
}
@article{Biesma2011,
	author = {Biesma, B and Wymenga, A N M and Vincent, A and Dalesio, O and Smit, H J M and Stigt, J A and Smit, E F and van Felius, C L and van Putten, J W G and Slaets, J P J and Groen, H J M},
	title = {{Quality of life, geriatric assessment and survival in elderly patients with non-small-cell lung cancer treated with carboplatin-gemcitabine or carboplatin-paclitaxel: NVALT-3 a phase III study.}},
	journal = {Annals of oncology},
	year = {2011},
	month = {Jul},
	volume = {22},
	number = {7},
	pages = {1520--7},
	doi = {10.1093/annonc/mdq637},
	pmid = {21252061}
}
@article{Soubeyran2014,
	author = {Soubeyran, Pierre and Bellera, Carine and Goyard, Jean and Heitz, Damien and Cur\'{e}, Herv\'{e} and Rousselot, Hubert and Albrand, Gilles and Servent, V\'{e}ronique and Jean, Olivier Saint and van Praagh, Isabelle and Kurtz, Jean-Emmanuel and P\'{e}rin, St\'{e}phane and Verhaeghe, Jean-Luc and Terret, Catherine and Desauw, Christophe and Girre, V\'{e}ronique and Mertens, C\'{e}cile and Mathoulin-P\'{e}lissier, Simone and Rainfray, Muriel},
	title = {{Screening for vulnerability in older cancer patients: the ONCODAGE Prospective Multicenter Cohort Study.}},
	journal = {PloS one},
	year = {2014},
	volume = {9},
	number = {12},
	pages = {e115060},
	doi = {10.1371/journal.pone.0115060},
	pmid = {25503576}
}
@article{Feugier2005,
	author = {Feugier, P and Van Hoof, A and Sebban, C and Solal-Celigny, P and Bouabdallah, R and Ferm\'{e}, C and Christian, B and Lepage, E and Tilly, H and Morschhauser, F and Gaulard, P and Salles, G and Bosly, A and Gisselbrecht, C and Reyes, F and Coiffier, B},
	title = {{Long-term results of the R-CHOP study in the treatment of elderly patients with diffuse large B-cell lymphoma: a study by the Groupe d'Etude des Lymphomes de l'Adulte.}},
	journal = {Journal of clinical oncology},
	year = {2005},
	month = {Jun},
	volume = {23},
	number = {18},
	pages = {4117--26},
	doi = {10.1200/JCO.2005.09.131},
	pmid = {15867204}
}
@article{Kouroukis2002,
	author = {Kouroukis, C Tom and Browman, George P and Esmail, Rosmin and Meyer, Ralph M},
	title = {{Chemotherapy for older patients with newly diagnosed, advanced-stage, aggressive-histology non-Hodgkin lymphoma: a systematic review.}},
	journal = {Annals of internal medicine},
	year = {2002},
	month = {Jan},
	volume = {136},
	number = {2},
	pages = {144--52},
	pmid = {11790067}
}
@article{Hamaker2014,
	author = {Hamaker, M E and Seynaeve, C and Wymenga, A N M and van Tinteren, H and Nortier, J W R and Maartense, E and de Graaf, H and de Jongh, F E and Braun, J J and Los, M and Schrama, J G and van Leeuwen-Stok, A E and de Groot, S M and Smorenburg, C H},
	title = {{Baseline comprehensive geriatric assessment is associated with toxicity and survival in elderly metastatic breast cancer patients receiving single-agent chemotherapy: results from the OMEGA study of the Dutch breast cancer trialists' group.}},
	journal = {Breast (Edinburgh, Scotland)},
	year = {2014},
	month = {Feb},
	volume = {23},
	number = {1},
	pages = {81--7},
	doi = {10.1016/j.breast.2013.11.004},
	pmid = {2431824}
}
@article{Hurria2014,
	author = {Hurria, Arti and Wildes, Tanya and Blair, Sarah L and Browner, Ilene S and Cohen, Harvey Jay and Deshazo, Mollie and Dotan, Efrat and Edil, Barish H and Extermann, Martine and Ganti, Apar Kishor P and Holmes, Holly M and Jagsi, Reshma and Karlekar, Mohana B and Keating, Nancy L and Korc-Grodzicki, Beatriz and McKoy, June M and Medeiros, Bruno C and Mrozek, Ewa and O'Connor, Tracey and Rugo, Hope S and Rupper, Randall W and Silliman, Rebecca A and Stirewalt, Derek L and Tew, William P and Walter, Louise C and Weir, Alva B and Bergman, Mary Anne and Sundar, Hema},
	title = {{Senior adult oncology, version 2.2014: clinical practice guidelines in oncology .}},
	journal = {Journal of the National Comprehensive Cancer Network : JNCCN},
	year = {2014},
	month = {Jan},
	volume = {12},
	number = {1},
	pages = {82--126},
	pmid = {24453295}
}
@article{Balducci2000,
	author = {Balducci, L and Extermann, M},
	title = {{Management of cancer in the older person: a practical approach.}},
	journal = {The oncologist},
	year = {2000},
	volume = {5},
	number = {3},
	pages = {224--37},
	pmid = {10884501}
}
@article{Extermann2000,
	author = {Extermann, M},
	title = {{Measurement and impact of comorbidity in older cancer patients.}},
	journal = {Critical reviews in oncology/hematology},
	year = {2000},
	month = {Sep},
	volume = {35},
	number = {3},
	pages = {181--200},
	pmid = {10960800}
}
@article{Frasci2000,
	author = {Frasci, G and Lorusso, V and Panza, N and Comella, P and Nicolella, G and Bianco, A and De Cataldis, G and Iannelli, A and Bilancia, D and Belli, M and Massidda, B and Piantedosi, F and Comella, G and De Lena, M},
	title = {{Gemcitabine plus vinorelbine versus vinorelbine alone in elderly patients with advanced non-small-cell lung cancer.}},
	journal = {Journal of clinical oncology},
	year = {2000},
	month = {Jul},
	volume = {18},
	number = {13},
	pages = {2529--36},
	pmid = {10893283}
}
@article{Charlson1987,
	author = {Charlson, M E and Pompei, P and Ales, K L and MacKenzie, C R},
	title = {{A new method of classifying prognostic comorbidity in longitudinal studies: development and validation.}},
	journal = {Journal of chronic diseases},
	year = {1987},
	volume = {40},
	number = {5},
	pages = {373--83},
	pmid = {3558716}
}
@article{Charlson1987-1,
	author = {Charlson, M E and Sax, F L and MacKenzie, C R and Braham, R L and Fields, S D and Douglas, R G},
	title = {{Morbidity during hospitalization: can we predict it?}},
	journal = {Journal of chronic diseases},
	year = {1987},
	volume = {40},
	number = {7},
	pages = {705--12},
	pmid = {3110198}
}
@article{Folstein1975,
	author = {Folstein, M F and Folstein, S E and McHugh, P R},
	title = {{"Mini-mental state". A practical method for grading the cognitive state of patients for the clinician.}},
	journal = {Journal of psychiatric research},
	year = {1975},
	month = {Nov},
	volume = {12},
	number = {3},
	pages = {189--98},
	pmid = {1202204}
}
@article{Kalbe2004,
	author = {Kalbe, E and Kessler, J and Calabrese, P and Smith, R and Passmore, A P and Brand, M and Bullock, R},
	title = {{DemTect: a new, sensitive cognitive screening test to support the diagnosis of mild cognitive impairment and early dementia.}},
	journal = {International journal of geriatric psychiatry},
	year = {2004},
	month = {Feb},
	volume = {19},
	number = {2},
	pages = {136--43},
	doi = {10.1002/gps.1042},
	pmid = {14758579}
}
@article{Yesavage1982,
	author = {Yesavage, J A and Brink, T L and Rose, T L and Lum, O and Huang, V and Adey, M and Leirer, V O},
	title = {{Development and validation of a geriatric depression screening scale: a preliminary report.}},
	journal = {Journal of psychiatric research},
	year = {1982},
	volume = {17},
	number = {1},
	pages = {37--49},
	pmid = {7183759}
}
@article{Trilling1995,
	author = {Trilling, J S and Tanvir, N},
	title = {{Selections from current literature: falls in the elderly.}},
	journal = {Family practice},
	year = {1995},
	month = {Dec},
	volume = {12},
	number = {4},
	pages = {482--5},
	pmid = {8826070}
}
@article{Podsiadlo1991,
	author = {Podsiadlo, D and Richardson, S},
	title = {{The timed "Up \&{} Go": a test of basic functional mobility for frail elderly persons.}},
	journal = {Journal of the American Geriatrics Society},
	year = {1991},
	month = {Feb},
	volume = {39},
	number = {2},
	pages = {142--8},
	pmid = {1991946}
}
@article{Tinetti1986,
	author = {Tinetti, M E},
	title = {{Performance-oriented assessment of mobility problems in elderly patients.}},
	journal = {Journal of the American Geriatrics Society},
	year = {1986},
	month = {Feb},
	volume = {34},
	number = {2},
	pages = {119--26},
	pmid = {3944402}
}
@article{Wilson1998,
	author = {Wilson, M M and Vaswani, S and Liu, D and Morley, J E and Miller, D K},
	title = {{Prevalence and causes of undernutrition in medical outpatients.}},
	journal = {The American journal of medicine},
	year = {1998},
	month = {Jan},
	volume = {104},
	number = {1},
	pages = {56--63},
	pmid = {9528720}
}
@article{Guigoz1997,
	author = {Guigoz, Y and Vellas, B J},
	title = {{[Malnutrition in the elderly: the Mini Nutritional Assessment (MNA)].}},
	journal = {Therapeutische Umschau. Revue th\'{e}rapeutique},
	year = {1997},
	month = {Jun},
	volume = {54},
	number = {6},
	pages = {345--50},
	pmid = {9289873}
}
@article{Blazer1982,
	author = {Blazer, D G},
	title = {{Social support and mortality in an elderly community population.}},
	journal = {American journal of epidemiology},
	year = {1982},
	month = {May},
	volume = {115},
	number = {5},
	pages = {684--94},
	pmid = {7081200}
}

@article{Berger2006,
	author = {Berger, Nathan A and Savvides, Panos and Koroukian, Siran M and Kahana, Eva F and Deimling, Gary T and Rose, Julia H and Bowman, Karen F and Miller, Robert H},
	title = {{Cancer in the elderly.}},
	journal = {Trans. Am. Clin. Climatol. Assoc.},
	year = {2006},
	volume = {117},
	pages = {147--55; discussion 155-6},
	pmid = {18528470}
}

@article{Owusu2014,
	author = {Owusu, Cynthia and Berger, Nathan A},
	title = {{Comprehensive geriatric assessment in the older cancer patient: coming of age in clinical cancer care.}},
	journal = {Clin Pract (Lond)},
	year = {2014},
	volume = {11},
	number = {6},
	pages = {749--762},
	doi = {10.2217/cpr.14.72},
	pmid = {25642321}
}

@article{Kumar2011,
	author = {Kumar, C Chandra},
	title = {{Genetic abnormalities and challenges in the treatment of acute myeloid leukemia.}},
	journal = {Genes Cancer},
	year = {2011},
	month = {Feb},
	volume = {2},
	number = {2},
	pages = {95--107},
	doi = {10.1177/1947601911408076},
	pmid = {21779483}
}

@article{Hohl2001,
	author = {Hohl, C M and Dankoff, J and Colacone, A and Afilalo, M},
	title = {{Polypharmacy, adverse drug-related events, and potential adverse drug interactions in elderly patients presenting to an emergency department.}},
	journal = {Ann Emerg Med},
	year = {2001},
	month = {Dec},
	volume = {38},
	number = {6},
	pages = {666--71},
	doi = {10.1067/mem.2001.119456},
	pmid = {11719747}
}

@article{Krug2010,
	author = {Krug, Utz and R\"{o}llig, Christoph and Koschmieder, Anja and Heinecke, Achim and Sauerland, Maria Cristina and Schaich, Markus and Thiede, Christian and Kramer, Michael and Braess, Jan and Spiekermann, Karsten and Haferlach, Torsten and Haferlach, Claudia and Koschmieder, Steffen and Rohde, Christian and Serve, Hubert and W\"{o}rmann, Bernhard and Hiddemann, Wolfgang and Ehninger, Gerhard and Berdel, Wolfgang E and B\"{u}chner, Thomas and M\"{u}ller-Tidow, Carsten},
	title = {{Complete remission and early death after intensive chemotherapy in patients aged 60 years or older with acute myeloid leukaemia: a web-based application for prediction of outcomes.}},
	journal = {Lancet},
	year = {2010},
	month = {Dec},
	volume = {376},
	number = {9757},
	pages = {2000--8},
	doi = {10.1016/S0140-6736(10)62105-8},
	pmid = {21131036}
}

@article{Wedding2007,
	author = {Wedding, Ulrich and K\"{o}dding, Daphne and Pientka, Ludger and Steinmetz, Hans T and Schmitz, Stefan},
	title = {{Physicians' judgement and comprehensive geriatric assessment (CGA) select different patients as fit for chemotherapy.}},
	journal = {Crit. Rev. Oncol. Hematol.},
	year = {2007},
	month = {Oct},
	volume = {64},
	number = {1},
	pages = {1--9},
	doi = {10.1016/j.critrevonc.2007.05.001},
	pmid = {17613243}
}

@article{Tucci2015,
	author = {Tucci, Alessandra and Martelli, Maurizio and Rigacci, Luigi and Riccomagno, Paola and Cabras, Maria Giuseppina and Salvi, Flavia and Stelitano, Caterina and Fabbri, Alberto and Storti, Sergio and Fogazzi, Stefano and Mancuso, Salvatrice and Brugiatelli, Maura and Fama, Angelo and Paesano, Paolo and Puccini, Benedetta and Bottelli, Chiara and Dalceggio, Daniela and Bertagna, Francesco and Rossi, Giuseppe and Spina, Michele},
	title = {{Comprehensive geriatric assessment is an essential tool to support treatment decisions in elderly patients with diffuse large B-cell lymphoma: a prospective multicenter evaluation in 173 patients by the Lymphoma Italian Foundation (FIL).}},
	journal = {Leuk. Lymphoma},
	year = {2015},
	month = {Apr},
	volume = {56},
	number = {4},
	pages = {921--6},
	doi = {10.3109/10428194.2014.953142},
	pmid = {25110825}
}

@article{Tucci2009,
	author = {Tucci, Alessandra and Ferrari, Samantha and Bottelli, Chiara and Borlenghi, Erika and Drera, Monica and Rossi, Giuseppe},
	title = {{A comprehensive geriatric assessment is more effective than clinical judgment to identify elderly diffuse large cell lymphoma patients who benefit from aggressive therapy.}},
	journal = {Cancer},
	year = {2009},
	month = {Oct},
	volume = {115},
	number = {19},
	pages = {4547--53},
	doi = {10.1002/cncr.24490},
	pmid = {19562776}
}

@article{Blanco2015,
	author = {Blanco, R and Maestu, I and de la Torre, M G and Cassinello, A and Nu\~{n}ez, I},
	title = {{A review of the management of elderly patients with non-small-cell lung cancer.}},
	journal = {Ann. Oncol.},
	year = {2015},
	month = {Mar},
	volume = {26},
	number = {3},
	pages = {451--63},
	doi = {10.1093/annonc/mdu268},
	pmid = {25060421}
}

@online{Krebsregister2013,
        title = {Epidemiologisches Krebsregister NRW, Report 2013 mit Datenbericht 2011},
        author = {Batzler},
        year = {2013},
        url = {http://www.krebsregister.nrw.de/fileadmin/user_upload/dokumente/veroeffentlichungen/Report_2013/EKRNRW_Report_2013_Internet.pdf},
        urldate = {2015-09-16}
}

